<record><leader>00000cas a2200000 a 4500</leader><controlfield tag="001">10846394</controlfield><controlfield tag="008">840615d18901893caudr ne      0   a0eng c</controlfield><datafield ind1=" " ind2=" " tag="010"><subfield code="a">sn 84025968 </subfield></datafield><datafield ind1=" " ind2=" " tag="040"><subfield code="a">NPV</subfield><subfield code="b">eng</subfield><subfield code="c">NPV</subfield><subfield code="d">NPX</subfield><subfield code="d">DLC</subfield><subfield code="d">CNK</subfield><subfield code="d">MGN</subfield><subfield code="d">CNK</subfield><subfield code="d">DLC</subfield><subfield code="d">CNK</subfield><subfield code="d">OCLCQ</subfield><subfield code="d">OCLCF</subfield><subfield code="d">OCLCO</subfield></datafield><datafield ind1=" " ind2=" " tag="012"><subfield code="l">a</subfield></datafield><datafield ind1="0" ind2=" " tag="022"><subfield code="a">2166-5494</subfield><subfield code="2">1</subfield></datafield><datafield ind1="1" ind2=" " tag="029"><subfield code="a">AU@</subfield><subfield code="b">000020335497</subfield></datafield><datafield ind1=" " ind2=" " tag="042"><subfield code="a">pcc</subfield><subfield code="a">nsdp</subfield></datafield><datafield ind1=" " ind2=" " tag="043"><subfield code="a">n-us-ca</subfield></datafield><datafield ind1="0" ind2="0" tag="050"><subfield code="a">Newspaper</subfield></datafield><datafield ind1="1" ind2="0" tag="082"><subfield code="a">071</subfield><subfield code="2">14</subfield></datafield><datafield ind1="0" ind2=" " tag="130"><subfield code="a">Los Angeles herald (Los Angeles, Calif. : 1890)</subfield></datafield><datafield ind1=" " ind2="0" tag="222"><subfield code="a">Los Angeles herald (Los Angeles, Calif. 1890)</subfield></datafield><datafield ind1="1" ind2="0" tag="245"><subfield code="a">Los Angeles herald.</subfield></datafield><datafield ind1="3" ind2="0" tag="246"><subfield code="a">Herald</subfield></datafield><datafield ind1="1" ind2="3" tag="246"><subfield code="a">Daily herald</subfield></datafield><datafield ind1=" " ind2=" " tag="260"><subfield code="a">Los Angeles [Calif.] :</subfield><subfield code="b">Ayers &amp; Lynch,</subfield><subfield code="c">1890-1893.</subfield></datafield><datafield ind1=" " ind2=" " tag="300"><subfield code="a">v.</subfield></datafield><datafield ind1=" " ind2=" " tag="310"><subfield code="a">Daily</subfield></datafield><datafield ind1="0" ind2=" " tag="362"><subfield code="a">Vol. 33, no. 162 (Mar. 23, 1890)-v. 39, no. 96 (Jan. 15, 1893).</subfield></datafield><datafield ind1=" " ind2=" " tag="530"><subfield code="a">Master negatives are available for duplication from:</subfield><subfield code="b">California Newspaper Microfilm Archive;</subfield><subfield code="c">for further information consult the CNMA at:</subfield><subfield code="u">http://cbsr.ucr.edu.</subfield></datafield><datafield ind1=" " ind2=" " tag="530"><subfield code="a">Archived issues are available in digital format as part of the Library of Congress Chronicling America online collection.</subfield></datafield><datafield ind1=" " ind2="0" tag="651"><subfield code="a">Los Angeles (Calif.)</subfield><subfield code="v">Newspapers.</subfield></datafield><datafield ind1=" " ind2="0" tag="651"><subfield code="a">Los Angeles County (Calif.)</subfield><subfield code="v">Newspapers.</subfield></datafield><datafield ind1=" " ind2="7" tag="655"><subfield code="a">Newspapers.</subfield><subfield code="2">fast</subfield><subfield code="0">(OCoLC)fst01423814</subfield></datafield><datafield ind1=" " ind2="7" tag="651"><subfield code="a">California</subfield><subfield code="z">Los Angeles.</subfield><subfield code="2">fast</subfield><subfield code="0">(OCoLC)fst01204540</subfield></datafield><datafield ind1=" " ind2="7" tag="651"><subfield code="a">California</subfield><subfield code="z">Los Angeles County.</subfield><subfield code="2">fast</subfield><subfield code="0">(OCoLC)fst01205194</subfield></datafield><datafield ind1=" " ind2=" " tag="752"><subfield code="a">United States</subfield><subfield code="b">California</subfield><subfield code="c">Los Angeles</subfield><subfield code="d">Los Angeles.</subfield></datafield><datafield ind1="0" ind2=" " tag="775"><subfield code="t">Weekly herald (Los Angeles, Calif. : 1890)</subfield><subfield code="w">(DLC)sn 93052532</subfield><subfield code="w">(OCoLC)28108850</subfield></datafield><datafield ind1="0" ind2="0" tag="780"><subfield code="t">Los Angeles daily herald (Los Angeles, Calif. : 1884)</subfield><subfield code="w">(DLC)sn 85042460</subfield><subfield code="w">(OCoLC)12493571</subfield></datafield><datafield ind1="0" ind2="0" tag="785"><subfield code="t">Herald (Los Angeles, Calif. : 1893 : Daily)</subfield><subfield code="w">(DLC)sn 85042461</subfield><subfield code="w">(OCoLC)12493698</subfield></datafield><datafield ind1="4" ind2="1" tag="856"><subfield code="u">http://www.loc.gov/chroniclingamerica/lccn/sn84025968/issues</subfield></datafield></record>